@book{bookTemplate,
	title = {},
	publisher = {},
	year = {},
	author = {},
	edition = {}
}

@article{articleTemplate,
  author = {},
  title = {},
  journal = {},
  year = {},
  volume = {},
  pages = {},
  number = {},
  month = {},
  publisher = {}
}

@misc{miscTemplate,
  title={},
  author={},
  year={},
  howpublished = "\url{}",
  note = "[Online; Accessed dd-mm-yyyy]"
}
	
@article{socialties,
	title={Social ties and mental health},
	author={Kawachi, Ichiro and Berkman, Lisa F},
	journal={Journal of Urban health},
	volume={78},
	number={3},
	pages={458--467},
	year={2001},
	publisher={Springer}
}